@inproceedings{ZhangHJ14-3,
	title = {Intelligent Facial Action and emotion recognition for humanoid robots},
	author = {Li Zhang and M. Alamgir Hossain and Ming Jiang},
	year = {2014},
	doi = {10.1109/IJCNN.2014.6889647},
	url = {http://dx.doi.org/10.1109/IJCNN.2014.6889647},
	researchr = {https://researchr.org/publication/ZhangHJ14-3},
	cites = {0},
	citedby = {0},
	pages = {739-746},
	booktitle = {2014 International Joint Conference on Neural Networks, IJCNN 2014, Beijing, China, July 6-11, 2014},
	publisher = {IEEE},
}
@inproceedings{triantafyllopoulos2019towards,
	title={Towards Robust Speech Emotion Recognition Using Deep Residual Networks for Speech Enhancement.},
	author={Triantafyllopoulos, Andreas and Keren, Gil and Wagner, Johannes and Steiner, Ingmar and Schuller, Bj{\"o}rn W},
	booktitle={Interspeech},
	pages={1691--1695},
	year={2019}
}

@inproceedings{trigeorgis2016adieu,
	title={Adieu features? end-to-end speech emotion recognition using a deep convolutional recurrent network},
	author={Trigeorgis, George and Ringeval, Fabien and Brueckner, Raymond and Marchi, Erik and Nicolaou, Mihalis A and Schuller, Bj{\"o}rn and Zafeiriou, Stefanos},
	booktitle={2016 IEEE international conference on acoustics, speech and signal processing (ICASSP)},
	pages={5200--5204},
	year={2016},
	organization={IEEE}
}

@article{zhao2019exploring,
	title={Exploring deep spectrum representations via attention-based recurrent and convolutional neural networks for speech emotion recognition},
	author={Zhao, Ziping and Bao, Zhongtian and Zhao, Yiqin and Zhang, Zixing and Cummins, Nicholas and Ren, Zhao and Schuller, Bj{\"o}rn},
	journal={IEEE Access},
	volume={7},
	pages={97515--97525},
	year={2019},
	publisher={IEEE}
}

@inproceedings{ren2020enhancing,
	title={Enhancing Transferability of Black-Box Adversarial Attacks via Lifelong Learning for Speech Emotion Recognition Models.},
	author={Ren, Zhao and Han, Jing and Cummins, Nicholas and Schuller, Bj{\"o}rn W},
	booktitle={INTERSPEECH},
	pages={496--500},
	year={2020}
}

@inproceedings{ren2020generating,
	title={Generating and protecting against adversarial attacks for deep speech-based emotion recognition models},
	author={Ren, Zhao and Baird, Alice and Han, Jing and Zhang, Zixing and Schuller, Bj{\"o}rn},
	booktitle={ICASSP 2020-2020 IEEE International Conference on Acoustics, Speech and Signal Processing (ICASSP)},
	pages={7184--7188},
	year={2020},
	organization={IEEE}
}

@inproceedings{ringeval2019avec,
	title={AVEC 2019 workshop and challenge: state-of-mind, detecting depression with AI, and cross-cultural affect recognition},
	author={Ringeval, Fabien and Schuller, Bj{\"o}rn and Valstar, Michel and Cummins, Nicholas and Cowie, Roddy and Tavabi, Leili and Schmitt, Maximilian and Alisamir, Sina and Amiriparian, Shahin and Messner, Eva-Maria and others},
	booktitle={Proceedings of the 9th International on Audio/visual Emotion Challenge and Workshop},
	pages={3--12},
	year={2019}
}

@inproceedings{ren2019multi,
	title={Multi-instance learning for bipolar disorder diagnosis using weakly labelled speech data},
	author={Ren, Zhao and Han, Jing and Cummins, Nicholas and Kong, Qiuqiang and Plumbley, Mark D and Schuller, Bj{\"o}rn W},
	booktitle={Proceedings of the 9th International Conference on Digital Public Health},
	pages={79--83},
	year={2019}
}

@article{samangouei2018defense,
	title={Defense-gan: Protecting classifiers against adversarial attacks using generative models},
	author={Samangouei, Pouya and Kabkab, Maya and Chellappa, Rama},
	journal={arXiv preprint arXiv:1805.06605},
	year={2018}
}

@inproceedings{ren2020enhancing,
	title={Enhancing Transferability of Black-Box Adversarial Attacks via Lifelong Learning for Speech Emotion Recognition Models.},
	author={Ren, Zhao and Han, Jing and Cummins, Nicholas and Schuller, Bj{\"o}rn W},
	booktitle={INTERSPEECH},
	pages={496--500},
	year={2020}
}

@article{madry2017towards,
	title={Towards deep learning models resistant to adversarial attacks},
	author={Madry, Aleksander and Makelov, Aleksandar and Schmidt, Ludwig and Tsipras, Dimitris and Vladu, Adrian},
	journal={arXiv preprint arXiv:1706.06083},
	year={2017}
}

@article{liu2017delving,
	title={Delving into transferable adversarial examples and black-box attacks (2016)},
	author={Liu, Yanpei and Chen, Xinyun and Liu, Chang and Song, Dawn},
	journal={arXiv preprint arXiv:1611.02770},
	year={2017}
}

@article{wu2018understanding,
	title={Understanding and enhancing the transferability of adversarial examples},
	author={Wu, Lei and Zhu, Zhanxing and Tai, Cheng and others},
	journal={arXiv preprint arXiv:1802.09707},
	year={2018}
}

@inproceedings{zhao2018data,
	title={Data poisoning attacks on multi-task relationship learning},
	author={Zhao, Mengchen and An, Bo and Yu, Yaodong and Liu, Sulin and Pan, Sinno},
	booktitle={Proceedings of the AAAI Conference on Artificial Intelligence},
	volume={32},
	number={1},
	year={2018}
}

@INPROCEEDINGS{9054087,
	author={Ren, Zhao and Baird, Alice and Han, Jing and Zhang, Zixing and Schuller, Bj√∂rn},
	booktitle={ICASSP 2020 - 2020 IEEE International Conference on Acoustics, Speech and Signal Processing (ICASSP)}, 
	title={Generating and Protecting Against Adversarial Attacks for Deep Speech-Based Emotion Recognition Models}, 
	year={2020},
	volume={},
	number={},
	pages={7184-7188},
	doi={10.1109/ICASSP40776.2020.9054087}
}


@inproceedings{zhang2019attention,
	title={Attention-augmented end-to-end multi-task learning for emotion prediction from speech},
	author={Zhang, Zixing and Wu, Bingwen and Schuller, Bj{\"o}rn},
	booktitle={ICASSP 2019-2019 IEEE International Conference on Acoustics, Speech and Signal Processing (ICASSP)},
	pages={6705--6709},
	year={2019},
	organization={IEEE}
}

@inproceedings{wang2018great,
	title={With great training comes great vulnerability: Practical attacks against transfer learning},
	author={Wang, Bolun and Yao, Yuanshun and Viswanath, Bimal and Zheng, Haitao and Zhao, Ben Y},
	booktitle={27th USENIX Security Symposium (USENIX Security 18)},
	pages={1281--1297},
	year={2018}
}

@article{parisi2019continual,
	title={Continual lifelong learning with neural networks: A review},
	author={Parisi, German I and Kemker, Ronald and Part, Jose L and Kanan, Christopher and Wermter, Stefan},
	journal={Neural Networks},
	volume={113},
	pages={54--71},
	year={2019},
	publisher={Elsevier}
}

@article{akhtar2018threat,
	title={Threat of adversarial attacks on deep learning in computer vision: A survey},
	author={Akhtar, Naveed and Mian, Ajmal},
	journal={Ieee Access},
	volume={6},
	pages={14410--14430},
	year={2018},
	publisher={IEEE}
}

@article{gong2017crafting,
	title={Crafting adversarial examples for speech paralinguistics applications},
	author={Gong, Yuan and Poellabauer, Christian},
	journal={arXiv preprint arXiv:1711.03280},
	year={2017}
}

@article{latif2018adversarial,
	title={Adversarial machine learning and speech emotion recognition: Utilizing generative adversarial networks for robustness},
	author={Latif, Siddique and Rana, Rajib and Qadir, Junaid},
	journal={arXiv preprint arXiv:1811.11402},
	year={2018}
}

@article{bengio2006greedy,
	title={Greedy layer-wise training of deep networks},
	author={Bengio, Yoshua and Lamblin, Pascal and Popovici, Dan and Larochelle, Hugo},
	journal={Advances in neural information processing systems},
	volume={19},
	year={2006}
}

@inproceedings{collobert2008unified,
	title={A unified architecture for natural language processing: Deep neural networks with multitask learning},
	author={Collobert, Ronan and Weston, Jason},
	booktitle={Proceedings of the 25th international conference on Machine learning},
	pages={160--167},
	year={2008}
}

@inproceedings{thrun1995lifelong,
	title={A lifelong learning perspective for mobile robot control},
	author={Thrun, Sebastian},
	booktitle={Intelligent robots and systems},
	pages={201--214},
	year={1995},
	organization={Elsevier}
}

@article{rusu2016progressive,
	title={Progressive neural networks},
	author={Rusu, Andrei A and Rabinowitz, Neil C and Desjardins, Guillaume and Soyer, Hubert and Kirkpatrick, James and Kavukcuoglu, Koray and Pascanu, Razvan and Hadsell, Raia},
	journal={arXiv preprint arXiv:1606.04671},
	year={2016}
}

@article{kirkpatrick2017overcoming,
	title={Overcoming catastrophic forgetting in neural networks},
	author={Kirkpatrick, James and Pascanu, Razvan and Rabinowitz, Neil and Veness, Joel and Desjardins, Guillaume and Rusu, Andrei A and Milan, Kieran and Quan, John and Ramalho, Tiago and Grabska-Barwinska, Agnieszka and others},
	journal={Proceedings of the national academy of sciences},
	volume={114},
	number={13},
	pages={3521--3526},
	year={2017},
	publisher={National Acad Sciences}
}

@article{yoon2017lifelong,
	title={Lifelong learning with dynamically expandable networks},
	author={Yoon, Jaehong and Yang, Eunho and Lee, Jeongtae and Hwang, Sung Ju},
	journal={arXiv preprint arXiv:1708.01547},
	year={2017}
}

@inproceedings{zhou2012online,
	title={Online incremental feature learning with denoising autoencoders},
	author={Zhou, Guanyu and Sohn, Kihyuk and Lee, Honglak},
	booktitle={Artificial intelligence and statistics},
	pages={1453--1461},
	year={2012},
	organization={PMLR}
}

@article{wen2016learning,
	title={Learning structured sparsity in deep neural networks},
	author={Wen, Wei and Wu, Chunpeng and Wang, Yandan and Chen, Yiran and Li, Hai},
	journal={Advances in neural information processing systems},
	volume={29},
	year={2016}
}

@article{alvarez2016learning,
	title={Learning the number of neurons in deep networks},
	author={Alvarez, Jose M and Salzmann, Mathieu},
	journal={Advances in Neural Information Processing Systems},
	volume={29},
	year={2016}
}

@article{parada2020demos,
	title={DEMoS: An Italian emotional speech corpus},
	author={Parada-Cabaleiro, Emilia and Costantini, Giovanni and Batliner, Anton and Schmitt, Maximilian and Schuller, Bj{\"o}rn W},
	journal={Language Resources and Evaluation},
	volume={54},
	number={2},
	pages={341--383},
	year={2020},
	publisher={Springer}
}

@inproceedings{ren2018attention,
	title={Attention-based convolutional neural networks for acoustic scene classification},
	author={Ren, Zhao and Kong, Qiuqiang and Qian, Kun and Plumbley, Mark D and others},
	booktitle={DCASE 2018 Workshop Proceedings},
	year={2018},
	organization={University of Surrey}
}

@inproceedings{szegedy2017inception,
	title={Inception-v4, inception-resnet and the impact of residual connections on learning},
	author={Szegedy, Christian and Ioffe, Sergey and Vanhoucke, Vincent and Alemi, Alexander A},
	booktitle={Thirty-first AAAI conference on artificial intelligence},
	year={2017}
}

@inproceedings{he2016deep,
	title={Deep residual learning for image recognition},
	author={He, Kaiming and Zhang, Xiangyu and Ren, Shaoqing and Sun, Jian},
	booktitle={Proceedings of the IEEE conference on computer vision and pattern recognition},
	pages={770--778},
	year={2016}
}

@article{simonyan2015very,
	title={Very deep convolutional networks for large-scale image recognition. 2015},
	author={Simonyan, Karen and Zisserman, Andrew},
	journal={arXiv preprint arXiv:1409.1556},
	year={2015},
	publisher={ArXiv}
}

@inproceedings{ren2018learning,
	title={Learning image-based representations for heart sound classification},
	author={Ren, Zhao and Cummins, Nicholas and Pandit, Vedhas and Han, Jing and Qian, Kun and Schuller, Bj{\"o}rn},
	booktitle={Proceedings of the 2018 International Conference on Digital Health},
	pages={143--147},
	year={2018}
}

@inproceedings{ren2020generating,
	title={Generating and protecting against adversarial attacks for deep speech-based emotion recognition models},
	author={Ren, Zhao and Baird, Alice and Han, Jing and Zhang, Zixing and Schuller, Bj{\"o}rn},
	booktitle={ICASSP 2020-2020 IEEE International Conference on Acoustics, Speech and Signal Processing (ICASSP)},
	pages={7184--7188},
	year={2020},
	organization={IEEE}
}

@article{zhang2017speech,
	title={Speech emotion recognition using deep convolutional neural network and discriminant temporal pyramid matching},
	author={Zhang, Shiqing and Zhang, Shiliang and Huang, Tiejun and Gao, Wen},
	journal={IEEE Transactions on Multimedia},
	volume={20},
	number={6},
	pages={1576--1590},
	year={2017},
	publisher={IEEE}
}

@inproceedings{ren2019attention,
	title={Attention-based atrous convolutional neural networks: Visualisation and understanding perspectives of acoustic scenes},
	author={Ren, Zhao and Kong, Qiuqiang and Han, Jing and Plumbley, Mark D and Schuller, Bj{\"o}rn W},
	booktitle={ICASSP 2019-2019 IEEE International Conference on Acoustics, Speech and Signal Processing (ICASSP)},
	pages={56--60},
	year={2019},
	organization={IEEE}
}

@inproceedings{bose2018adversarial,
	title={Adversarial attacks on face detectors using neural net based constrained optimization},
	author={Bose, Avishek Joey and Aarabi, Parham},
	booktitle={2018 IEEE 20th International Workshop on Multimedia Signal Processing (MMSP)},
	pages={1--6},
	year={2018},
	organization={IEEE}
}

@article{akhtar2018threat,
	title={Threat of adversarial attacks on deep learning in computer vision: A survey},
	author={Akhtar, Naveed and Mian, Ajmal},
	journal={Ieee Access},
	volume={6},
	pages={14410--14430},
	year={2018},
	publisher={IEEE}
}

@inproceedings{bose2018adversarial,
	title={Adversarial attacks on face detectors using neural net based constrained optimization},
	author={Bose, Avishek Joey and Aarabi, Parham},
	booktitle={2018 IEEE 20th International Workshop on Multimedia Signal Processing (MMSP)},
	pages={1--6},
	year={2018},
	organization={IEEE}
}